{
  "leader": "02524cam a2200421Ia 4500",
  "fields": [
    {
      "001": "ocm52703193\\"
    },
    {
      "003": "OCoLC"
    },
    {
      "005": "20220707184021.0"
    },
    {
      "008": "030723s2003\\\\\\\\enkaci\\\\\\\\\\\\\\\\000\\0\\eng\\d"
    },
    {
      "040": {
        "ind1": "\\",
        "ind2": "\\",
        "subfields": [
          {
            "a": "EUW"
          },
          {
            "b": "eng"
          },
          {
            "c": "EUW"
          },
          {
            "d": "OCLCQ"
          },
          {
            "d": "OCLCF"
          },
          {
            "d": "OCLCO"
          },
          {
            "d": "OCLCA"
          },
          {
            "d": "OCLCQ"
          },
          {
            "d": "UNITY"
          },
          {
            "d": "ERL"
          },
          {
            "d": "OCLCO"
          }
        ]
      }
    },
    {
      "019": {
        "ind1": "\\",
        "ind2": "\\",
        "subfields": [
          {
            "a": "1169243422"
          },
          {
            "a": "1173260502"
          }
        ]
      }
    },
    {
      "020": {
        "ind1": "\\",
        "ind2": "\\",
        "subfields": [
          {
            "a": "0101587724"
          }
        ]
      }
    },
    {
      "020": {
        "ind1": "\\",
        "ind2": "\\",
        "subfields": [
          {
            "a": "9780101587723"
          }
        ]
      }
    },
    {
      "035": {
        "ind1": "\\",
        "ind2": "\\",
        "subfields": [
          {
            "a": "(OCoLC)52703193"
          },
          {
            "z": "(OCoLC)1169243422"
          },
          {
            "z": "(OCoLC)1173260502"
          }
        ]
      }
    },
    {
      "043": {
        "ind1": "\\",
        "ind2": "\\",
        "subfields": [
          {
            "a": "e-uk---"
          }
        ]
      }
    },
    {
      "082": {
        "ind1": "0",
        "ind2": "4",
        "subfields": [
          {
            "a": "507.2041"
          },
          {
            "b": "FOR"
          }
        ]
      }
    },
    {
      "245": {
        "ind1": "0",
        "ind2": "4",
        "subfields": [
          {
            "a": "The forward look 2003 :"
          },
          {
            "b": "government-funded science, engineering & technology /"
          },
          {
            "c": "presented to Parliament by the Secretary of State for Trade and Industry by Command of Her Majesty, July 2003."
          }
        ]
      }
    },
    {
      "260": {
        "ind1": "\\",
        "ind2": "\\",
        "subfields": [
          {
            "a": "London :"
          },
          {
            "b": "Stationery Office,"
          },
          {
            "c": "2003."
          }
        ]
      }
    },
    {
      "300": {
        "ind1": "\\",
        "ind2": "\\",
        "subfields": [
          {
            "a": "210 pages :"
          },
          {
            "b": "illustrations (some color), coat of arms, portraits ;"
          },
          {
            "c": "30 cm."
          }
        ]
      }
    },
    {
      "336": {
        "ind1": "\\",
        "ind2": "\\",
        "subfields": [
          {
            "a": "text"
          },
          {
            "b": "txt"
          },
          {
            "2": "rdacontent"
          }
        ]
      }
    },
    {
      "337": {
        "ind1": "\\",
        "ind2": "\\",
        "subfields": [
          {
            "a": "unmediated"
          },
          {
            "b": "n"
          },
          {
            "2": "rdamedia"
          }
        ]
      }
    },
    {
      "338": {
        "ind1": "\\",
        "ind2": "\\",
        "subfields": [
          {
            "a": "volume"
          },
          {
            "b": "nc"
          },
          {
            "2": "rdacarrier"
          }
        ]
      }
    },
    {
      "490": {
        "ind1": "1",
        "ind2": "\\",
        "subfields": [
          {
            "a": "Cm ;"
          },
          {
            "v": "5877"
          }
        ]
      }
    },
    {
      "500": {
        "ind1": "\\",
        "ind2": "\\",
        "subfields": [
          {
            "a": "\"DTI\" ; \"Office of Science and Technology\"--Cover."
          }
        ]
      }
    },
    {
      "520": {
        "ind1": "3",
        "ind2": "\\",
        "subfields": [
          {
            "a": "Investing in the science base and key technologies is a high priority if the UK is to remain a leader in scientific research. This publication presents the Government's objectives and spending plans for science, engineering and technology (SET), and contains a series of statements by government departments and other bodies, as well from the Research Councils, outlining the broad framework of research programmes and other science-related activities. Total government investment in the science budget will increase on average by 10 per cent a year in real terms, from \u00a32.1 billion in 2002-03 to \u00a32.9 billion in 2005-06. This edition focuses on how scientific research is used as the basis for government policy development, from analysis of trends in employment, housing or health to studies on renewable energy or stem cell research."
          }
        ]
      }
    },
    {
      "650": {
        "ind1": "\\",
        "ind2": "0",
        "subfields": [
          {
            "a": "Research"
          },
          {
            "x": "Finance."
          }
        ]
      }
    },
    {
      "650": {
        "ind1": "\\",
        "ind2": "0",
        "subfields": [
          {
            "a": "Science and state."
          }
        ]
      }
    },
    {
      "651": {
        "ind1": "\\",
        "ind2": "0",
        "subfields": [
          {
            "a": "Great Britain."
          }
        ]
      }
    },
    {
      "650": {
        "ind1": "\\",
        "ind2": "7",
        "subfields": [
          {
            "a": "Research"
          },
          {
            "x": "Finance."
          },
          {
            "2": "fast"
          },
          {
            "0": "(OCoLC)fst01095192"
          }
        ]
      }
    },
    {
      "650": {
        "ind1": "\\",
        "ind2": "7",
        "subfields": [
          {
            "a": "Science and state."
          },
          {
            "2": "fast"
          },
          {
            "0": "(OCoLC)fst01108536"
          }
        ]
      }
    },
    {
      "651": {
        "ind1": "\\",
        "ind2": "7",
        "subfields": [
          {
            "a": "Great Britain."
          },
          {
            "2": "fast"
          },
          {
            "0": "(OCoLC)fst01204623"
          }
        ]
      }
    },
    {
      "710": {
        "ind1": "1",
        "ind2": "\\",
        "subfields": [
          {
            "a": "Great Britain."
          },
          {
            "b": "Department of Trade and Industry."
          }
        ]
      }
    },
    {
      "710": {
        "ind1": "1",
        "ind2": "\\",
        "subfields": [
          {
            "a": "Great Britain."
          },
          {
            "b": "Office of Science and Technology."
          }
        ]
      }
    },
    {
      "830": {
        "ind1": "\\",
        "ind2": "0",
        "subfields": [
          {
            "a": "Cm (Series) (Great Britain. Parliament) ;"
          },
          {
            "v": "5877."
          }
        ]
      }
    },
    {
      "856": {
        "ind1": "4",
        "ind2": "2",
        "subfields": [
          {
            "u": "http://www.ost.gov.uk/research/forwardlook03/"
          }
        ]
      }
    },
    {
      "994": {
        "ind1": "\\",
        "ind2": "\\",
        "subfields": [
          {
            "a": "Z0"
          },
          {
            "b": "NYRVC"
          }
        ]
      }
    },
    {
      "948": {
        "ind1": "\\",
        "ind2": "\\",
        "subfields": [
          {
            "h": "NO HOLDINGS IN NYRVC - 14 OTHER HOLDINGS"
          }
        ]
      }
    },
    {
      "999": {
        "ind1": "\\",
        "ind2": "\\",
        "subfields": [
          {
            "a": "00000000026504"
          }
        ]
      }
    }
  ]
}